@article{hiptmair2007nodal,
  title={Nodal auxiliary space preconditioning in {$H$(curl) and $H$(div)} spaces},
  author={R.~Hiptmair and J.~Xu},
  journal=SINUM,
  volume={45},
  number={6},
  pages={2483--2509},
  year={2007},
  publisher={SIAM}
}

@inproceedings{wang2011efficient,
  title={Efficient parallel algorithms for Hierarchically SemiSeparable ({HSS}) matrices: kernel of a massively parallel structured direct {H}elmholtz solver},
  author={S.~Wang and J.~Xia and Y.~Situ and H.~V.~de Hoop and X.~Li},
  booktitle={2011 SEG Annual Meeting},
  year={2011},
  organization={Society of Exploration Geophysicists}
}
