@Article{PyTrilinos,
  author      = {M. Sala and W. Spotz and M. Heroux},
  title       = {{PyTrilinos}: High-Performance
                 Distributed-Memory Solvers for {Python}},
  journal     = {ACM Transactions on Mathematical Software (TOMS)},
  year        = {2008},
  month       = {March},
  volume      = {34},
  issue       = {2}
}


@TechReport{ml-guide,
  author      =  {M.W. Gee and C.M. Siefert and J.J. Hu and R.S. Tuminaro and M.G. Sala},
  title       =  {{ML} 5.0 Smoothed Aggregation User's Guide},
  institution =  {Sandia National Laboratories},
  year        =  {2006},
  number      =  {SAND2006-2649},
}

@Misc{petsc-web-page,
    author = {Satish Balay and Mark~F. Adams and Jed Brown and Peter Brune
              and Kris Buschelman and Victor Eijkhout and William~D. Gropp
              and Dinesh Kaushik and Matthew~G. Knepley
              and Lois Curfman McInnes and Karl Rupp and Barry~F. Smith
              and Hong Zhang},
    title =  {{PETS}c {W}eb page},
    url =    {http://www.mcs.anl.gov/petsc},
    howpublished = {http://www.mcs.anl.gov/petsc},
    year = {2014}
}

@TechReport{petsc-user-ref,
    author = {Satish Balay and Mark~F. Adams and Jed Brown and Peter Brune
              and Kris Buschelman and Victor Eijkhout and William~D. Gropp
              and Dinesh Kaushik and Matthew~G. Knepley
              and Lois Curfman McInnes and Karl Rupp and Barry~F. Smith
              and Hong Zhang},
    title  = {{PETS}c Users Manual},
    institution = {Argonne National Laboratory},
    year   = 2013,
    number = {ANL-95/11 - Revision 3.4},
    url    = {http://www.mcs.anl.gov/petsc}
}

@InProceedings{petsc-efficient,
    Author = "Satish Balay and William D. Gropp and Lois Curfman McInnes and Barry F.  Smith",
    Title = "Efficient Management of Parallelism in Object Oriented Numerical Software Libraries",
    Booktitle = "Modern Software Tools in Scientific Computing",
    Editor = "E. Arge and A. M. Bruaset and H. P. Langtangen",
    Pages = "163--202",
    Publisher = "Birkh{\"{a}}user Press",
    Year = "1997"
}

@techreport{Trilinos-Overview,
title = "{An Overview of Trilinos}",
author = "Michael Heroux and Roscoe Bartlett and Vicki Howle Robert Hoekstra and Jonathan Hu and Tamara Kolda and Richard Lehoucq and Kevin Long and Roger Pawlowski and Eric Phipps and Andrew Salinger and Heidi Thornquist and Ray Tuminaro and James Willenbring and Alan Williams ",
institution = "Sandia National Laboratories",
number = "SAND2003-2927",
year = 2003}

@techreport{Trilinos-Dev-Guide,
title = "{Trilinos Developers Guide}",
author = "Michael A. Heroux and James M. Willenbring and Robert Heaphy", institution = "Sandia National Laboratories",
number = "SAND2003-1898",
year = 2003}

@techreport{Trilinos-Dev-Guide-II,
title = "{Trilinos Developers Guide Part II: ASCI Software Quality Engineering Practices Version 1.0}",
author = "Michael A. Heroux and James M. Willenbring and Robert Heaphy",
institution = "Sandia National Laboratories",
number = "SAND2003-1899",
year = 2003}

@techreport{Trilinos-Users-Guide,
title = "{Trilinos Users Guide}",
author = "Michael A. Heroux and James M. Willenbring",
institution = "Sandia National Laboratories",
number = "SAND2003-2952",
year = 2003}

@article{1089021,
author = {Michael A. Heroux and Roscoe A. Bartlett and Vicki E. Howle and Robert J. Hoekstra and Jonathan J. Hu and Tamara G. Kolda and Richard B. Lehoucq and Kevin R. Long and Roger P. Pawlowski and Eric T. Phipps and Andrew G. Salinger and Heidi K. Thornquist and Ray S. Tuminaro and James M. Willenbring and Alan Williams and Kendall S. Stanley},
title = {An overview of the Trilinos project},
journal = {ACM Trans. Math. Softw.},
volume = {31},
number = {3},
year = {2005},
issn = {0098-3500},
pages = {397--423},
doi = {http://doi.acm.org/10.1145/1089014.1089021},
publisher = {ACM Press},
address = {New York, NY, USA},
abstract = "The Trilinos Project is an effort to facilitate the design, development, integration and ongoing support of mathematical software libraries within an object-oriented framework for the solution of large-scale, complex multi-physics engineering and scienti c problems. Trilinos addresses two fundamental issues of developing software for these problems: (i) Providing a streamlined process and set of tools for development of new algorithmic implementations and (ii) promoting interoperability of independently developed software.
\par Trilinos uses a two-level software structure designed around collections of packages. A Trilinos package is an integral unit usually developed by a small team of experts in a particular algorithms area such as algebraic preconditioners, nonlinear solvers, etc. Packages exist underneath the Trilinos top level, which provides a common look-and-feel, including configuration, documentation, licensing, and bug-tracking.
\par Here we present the overall Trilinos design, describing our use of abstract interfaces and default concrete implementations. We discuss the services that Trilinos provides to a prospective package and how these services are used by various packages. We also illustrate how packages can be combined to rapidly develop new algorithms. Finally, we discuss how Trilinos facilitates highquality software engineering practices that are increasingly required from simulation software."}

@techreport{Trilinos-Tutorial,
title = "{Trilinos Tutorial}",
author = "Marzio Sala and Michael A. Heroux and David M. Day",
institution = "Sandia National Laboratories",
number = "SAND2004-2189",
year = 2004}


@article{schroeder2000visualizing,
  title={Visualizing with VTK: a tutorial},
  author={Schroeder, William J and Avila, Lisa Sobierajski and Hoffman, William},
  journal={Computer Graphics and Applications, IEEE},
  volume={20},
  number={5},
  pages={20--27},
  year={2000},
  publisher={IEEE}
}


@article{Kirby2004a,
  title = {Algorithm 839: FIAT, a New Paradigm for Computing Finite Element Basis Functions},
  author = {Robert C. Kirby},
  year = {2004},
  journal = {ACM Transactions on Mathematical Software},
  volume = {30},
  number = {4},
  pages = {502--516},
  doi = {10.1145/1039813.1039820},
}

@article{KirbyKnepleyEtAl2005a,
  title = {Optimizing the Evaluation of Finite Element Matrices},
  author = {Robert C. Kirby and Matthew G. Knepley and Anders Logg and L. Ridgway Scott},
  year = {2005},
  journal = {SIAM Journal on Scientific Computing},
  volume = {27},
  number = {3},
  pages = {741--758},
  doi = {10.1137/040607824},
}

@article{KirbyLogg2006a,
  title = {A Compiler for Variational Forms},
  author = {Robert C. Kirby and Anders Logg},
  year = {2006},
  journal = {ACM Transactions on Mathematical Software},
  volume = {32},
  number = {3},
  doi = {10.1145/1163641.1163644},
  arxiv = {1112.0402},
}

@article{KirbyLoggEtAl2006a,
  title = {Topological Optimization of the Evaluation of Finite Element Matrices},
  author = {Robert C. Kirby and Anders Logg and L. Ridgway Scott and Andy R. Terrel},
  year = {2006},
  journal = {SIAM Journal on Scientific Computing},
  volume = {28},
  number = {1},
  pages = {224--240},
  doi = {10.1137/050635547},
}

@article{KirbyScott2007a,
  title = {Geometric Optimization of the Evaluation of Finite Element Matrices},
  author = {Robert C. Kirby and L. Ridgway Scott},
  year = {2007},
  journal = {SIAM Journal on Scientific Computing},
  volume = {29},
  number = {2},
  pages = {827--841},
}

@article{KirbyLogg2007a,
  title = {Efficient Compilation of a Class of Variational Forms},
  author = {Robert C. Kirby and Anders Logg},
  year = {2007},
  journal = {ACM Transactions on Mathematical Software},
  volume = {33},
  number = {3},
  doi = {10.1145/1268769.1268771},
}

@article{Logg2007a,
  title = {Automating the Finite Element Method},
  author = {Anders Logg},
  year = {2007},
  journal = {Archives of Computational Methods in Engineering},
  volume = {14},
  number = {2},
  pages = {93--138},
  doi = {10.1007/s11831-007-9003-9},
  arxiv = {1112.0433},
}

@article{OlgaardLoggEtAl2008a,
  title = {Automated Code Generation for Discontinuous Galerkin Methods},
  author = {Kristian B. \O{}lgaard and Anders Logg and Garth N. Wells},
  year = {2008},
  journal = {SIAM Journal on Scientific Computing},
  volume = {31},
  number = {2},
  pages = {849--864},
  doi = {10.1137/070710032},
  arxiv = {1104.0628},
}

@article{KirbyLogg2008a,
  title = {Benchmarking Domain-Specific Compiler Optimizations for Variational Forms},
  author = {Robert C. Kirby and Anders Logg},
  year = {2008},
  journal = {ACM Transactions on Mathematical Software},
  volume = {35},
  number = {2},
  pages = {1--18},
  doi = {10.1145/1377612.1377614},
}

@article{Logg2009a,
  title = {Efficient Representation of Computational Meshes},
  author = {Anders Logg},
  year = {2009},
  journal = {International Journal of Computational Science and Engineering},
  volume = {4},
  number = {4},
  pages = {283--295},
  doi = {10.1504/IJCSE.2009.029164},
}

@article{RognesKirbyEtAl2009a,
  title = {Efficient Assembly of H(div) and H(curl) Conforming Finite Elements},
  author = {Marie E. Rognes and Robert C. Kirby and Anders Logg},
  year = {2009},
  journal = {SIAM Journal on Scientific Computing},
  volume = {31},
  number = {6},
  pages = {4130--4151},
  doi = {10.1137/08073901X},
}

@article{AlnaesLoggEtAl2009a,
  title = {Unified Framework for Finite Element Assembly},
  author = {Martin S. Aln\ae{}s and Anders Logg and Kent-Andre Mardal and Ola Skavhaug and Hans Petter Langtangen},
  year = {2009},
  journal = {International Journal of Computational Science and Engineering},
  volume = {4},
  number = {4},
  pages = {231--244},
  doi = {10.1504/IJCSE.2009.029160},
}

@article{AlnaesMardal2010a,
  title = {On the Efficiency of Symbolic Computations Combined With Code Generation for Finite Element Methods},
  author = {Martin S. Aln\ae{}s and Kent-Andre Mardal},
  year = {2010},
  journal = {ACM Transactions on Mathematical Software},
  volume = {37},
  number = {1},
  num_pages = {26 pages},
  doi = {10.1145/1644001.1644007},
}

@article{LoggWells2010a,
  title = {DOLFIN: Automated Finite Element Computing},
  author = {Anders Logg and Garth N. Wells},
  year = {2010},
  journal = {ACM Transactions on Mathematical Software},
  volume = {37},
  number = {2},
  doi = {10.1145/1731022.1731030},
  arxiv = {1103.6248},
}

@article{OlgaardWells2010b,
  title = {Optimisations for Quadrature Representations of Finite Element Tensors Through Automated Code Generation},
  author = {Kristian B. \O{}lgaard and Garth N. Wells},
  year = {2010},
  journal = {ACM Transactions on Mathematical Software},
  volume = {37},
  num_pages = {23},
  doi = {10.1145/1644001.1644009},
  arxiv = {1104.0199},
}

@article{HoffmanJanssonEtAl2012a,
  title = {Unicorn: Parallel Adaptive Finite Element Simulation of Turbulent Flow and Fluid-Structure Interaction for Deforming Domains and Complex Geometry},
  author = {Johan Hoffman and Johan Jansson and Rodrigo V. de Abreu and Cem Degirmenci and Niclas Jansson and Kaspar MÃ¼ller and Murtazo Nazarov and Jeanette H. SpÃ¼hler},
  year = {2012},
  journal = {Computer and Fluids},
  volume = {in press},
}

@article{JanssonJanssonEtAl2012a,
  title = {Framework for Massively Parallel Adaptive Finite Element Computational Fluid Dynamics on Tetrahedral Meshes},
  author = {Niclas Jansson and Johan Jansson and Johan Hoffman},
  year = {2012},
  journal = {SIAM Journal on Scientific Computing},
  volume = {34},
  number = {1},
  pages = {C24--C41},
}

@article{AlnaesEtAl2012,
  title = {Unified Form Language: A domain-specific language for weak formulations of partial differential equations},
  author = {Martin S. Aln\ae{}s and Anders Logg and Kristian B. \O{}lgaard and Marie E. Rognes and Garth N. Wells},
  year = {2013},
  journal = {ACM Transactions on Mathematical Software},
  volume = {To appear},
  arxiv = {1211.4047},
}

@book{LoggMardalEtAl2012a,
  title = {Automated Solution of Differential Equations by the Finite Element Method},
  author = {Anders Logg and Kent-Andre Mardal and Garth N. Wells and others},
  year = {2012},
  publisher = {Springer},
  doi = {10.1007/978-3-642-23099-8},
  isbn = {978-3-642-23098-1},
}

@inbook{LoggWellsEtAl2012a,
  title = {DOLFIN: a C++/Python Finite Element Library},
  author = {Anders Logg and Garth N. Wells and Johan Hake},
  editor = {Anders Logg and Kent-Andre Mardal and Garth N. Wells},
  year = {2012},
  booktitle = {Automated Solution of Differential Equations by the Finite Element Method, Volume 84 of Lecture Notes in Computational Science and Engineering},
  publisher = {Springer},
  chapter = {10},
}

@inbook{LoggOlgaardEtAl2012a,
  title = {FFC: the FEniCS Form Compiler},
  author = {Anders Logg and Kristian B. \O{}lgaard and Marie E. Rognes and Garth N. Wells},
  editor = {Anders Logg and Kent-Andre Mardal and Garth N. Wells},
  year = {2012},
  booktitle = {Automated Solution of Differential Equations by the Finite Element Method, Volume 84 of Lecture Notes in Computational Science and Engineering},
  publisher = {Springer},
  chapter = {11},
}

@inbook{Kirby2012a,
  title = {FIAT: Numerical Construction of Finite Element Basis Functions,},
  author = {Robert C. Kirby},
  editor = {Anders Logg and Kent-Andre Mardal and Garth N. Wells},
  year = {2012},
  booktitle = {Automated Solution of Differential Equations by the Finite Element Method, Volume 84 of Lecture Notes in Computational Science and Engineering},
  publisher = {Springer},
  chapter = {13},
}

@inbook{AlnaesMardal2012b,
  title = {SyFi and SFC: Symbolic Finite Elements and Form Compilation},
  author = {Martin S. Aln\ae{}s and Kent-Andre Mardal},
  editor = {Anders Logg and Kent-Andre Mardal and Garth N. Wells},
  year = {2012},
  booktitle = {Automated Solution of Differential Equations by the Finite Element Method, Volume 84 of Lecture Notes in Computational Science and Engineering},
  publisher = {Springer},
  chapter = {15},
}

@inbook{AlnaesLoggEtAl2012a,
  title = {UFC: a Finite Element Code Generation Interface},
  author = {Martin S. Aln\ae{}s and Anders Logg and Kent-Andre Mardal},
  editor = {Anders Logg and Kent-Andre Mardal and Garth N. Wells},
  year = {2012},
  booktitle = {Automated Solution of Differential Equations by the Finite Element Method, Volume 84 of Lecture Notes in Computational Science and Engineering},
  publisher = {Springer},
  chapter = {16},
}

@inbook{Alnaes2012a,
  title = {UFL: a Finite Element Form Language},
  author = {Martin S. Aln\ae{}s},
  editor = {Anders Logg and Kent-Andre Mardal and Garth N. Wells},
  year = {2012},
  booktitle = {Automated Solution of Differential Equations by the Finite Element Method, Volume 84 of Lecture Notes in Computational Science and Engineering},
  publisher = {Springer},
  chapter = {17},
}

@inbook{HoffmanJanssonEtAl2012a,
  title = {Unicorn: a Unified Continuum Mechanics Solver},
  author = {Johan Hoffman and Johan Jansson and Cem Degirmenci and Niclas Jansson and Murtazo Nazarov},
  editor = {Anders Logg and Kent-Andre Mardal and Garth N. Wells},
  year = {2012},
  booktitle = {Automated Solution of Differential Equations by the Finite Element Method, Volume 84 of Lecture Notes in Computational Science and Engineering},
  publisher = {Springer},
  chapter = {18},
}

@inbook{HoffmanJanssonEtAl2012b,
  title = {Turbulent Flow and Fluidâ€“structure Interaction},
  author = {Johan Hoffman and Johan Jansson and Niclas Jansson and C. Johnson and Rodrigo V. de Abreu},
  editor = {Anders Logg and Kent-Andre Mardal and Garth N. Wells},
  year = {2012},
  booktitle = {Automated Solution of Differential Equations by the Finite Element Method, Volume 84 of Lecture Notes in Computational Science and Engineering},
  publisher = {Springer},
  chapter = {28},
}

@article{nedelec1980mixed,
  title={Mixed finite elements in ℝ3},
  author={N{\'e}d{\'e}lec, Jean-Claude},
  journal={Numerische Mathematik},
  volume={35},
  number={3},
  pages={315--341},
  year={1980},
  publisher={Springer}
}

@article{Davis:2004:CPS:992200.992205,
 author = {Davis, Timothy A.},
 title = {A Column Pre-ordering Strategy for the Unsymmetric-pattern Multifrontal Method},
 journal = {ACM Trans. Math. Softw.},
 issue_date = {June 2004},
 volume = {30},
 number = {2},
 month = jun,
 year = {2004},
 issn = {0098-3500},
 pages = {165--195},
 numpages = {31},
 url = {http://doi.acm.org/10.1145/992200.992205},
 doi = {10.1145/992200.992205},
 acmid = {992205},
 publisher = {ACM},
 address = {New York, NY, USA},
 keywords = {linear equations, multifrontal method, ordering methods, sparse nonsymmetric matrices},
}

@article{Davis:2004:AUV:992200.992206,
 author = {Davis, Timothy A.},
 title = {Algorithm 832: UMFPACK V4.3---an Unsymmetric-pattern Multifrontal Method},
 journal = {ACM Trans. Math. Softw.},
 issue_date = {June 2004},
 volume = {30},
 number = {2},
 month = jun,
 year = {2004},
 issn = {0098-3500},
 pages = {196--199},
 numpages = {4},
 url = {http://doi.acm.org/10.1145/992200.992206},
 doi = {10.1145/992200.992206},
 acmid = {992206},
 publisher = {ACM},
 address = {New York, NY, USA},
 keywords = {linear equations, multifrontal method, ordering methods, sparse nonsymmetric matrices},
}

@article{Davis:1999:CUM:305658.287640,
 author = {Davis, Timothy A. and Duff, Iain S.},
 title = {A Combined Unifrontal/Multifrontal Method for Unsymmetric Sparse Matrices},
 journal = {ACM Trans. Math. Softw.},
 issue_date = {March 1999},
 volume = {25},
 number = {1},
 month = mar,
 year = {1999},
 issn = {0098-3500},
 pages = {1--20},
 numpages = {20},
 url = {http://doi.acm.org/10.1145/305658.287640},
 doi = {10.1145/305658.287640},
 acmid = {287640},
 publisher = {ACM},
 address = {New York, NY, USA},
 keywords = {frontal methods, linear equations, multifrontal methods, sparse unsymmetric matrices},
}


@article{davis1997unsymmetric,
  title={An unsymmetric-pattern multifrontal method for sparse LU factorization},
  author={Davis, Timothy A and Duff, Iain S},
  journal={SIAM Journal on Matrix Analysis and Applications},
  volume={18},
  number={1},
  pages={140--158},
  year={1997},
  publisher={SIAM}
}

@article{henon2002pastix,
  title={PASTIX: a high-performance parallel direct solver for sparse symmetric positive definite systems},
  author={H{\'e}non, Pascal and Ramet, Pierre and Roman, Jean},
  journal={Parallel Computing},
  volume={28},
  number={2},
  pages={301--321},
  year={2002},
  publisher={Elsevier}
}

@article{li05,
    AUTHOR = {Xiaoye S. Li},
    TITLE = {An Overview of {SuperLU}: Algorithms, Implementation,
             and User Interface},
    journal = toms,
    volume = {31},
    number = {3},
    month = {September},
    year = {2005},
    pages = {302-325},
}
@techreport{superlu_ug99,
     AUTHOR = {X.S. Li and J.W. Demmel and J.R. Gilbert and iL. Grigori and M. Shao and
          I. Yamazaki},
     INSTITUTION = {Lawrence Berkeley National Laboratory},
     NUMBER = {LBNL-44289},
     TITLE = {{SuperLU Users' Guide}},
     MONTH = {September},
     YEAR = {1999},
     NOTE = "\url{http://crd.lbl.gov/~xiaoye/SuperLU/}.
             Last update: August 2011"
}

@article{amestoy2000multifrontal,
  title={Multifrontal parallel distributed symmetric and unsymmetric solvers},
  author={Amestoy, Patrick R and Duff, Iain S and L'Excellent, J-Y},
  journal={Computer methods in applied mechanics and engineering},
  volume={184},
  number={2},
  pages={501--520},
  year={2000},
  publisher={Elsevier}
}

@article{amestoy2001fully,
  title={A fully asynchronous multifrontal solver using distributed dynamic scheduling},
  author={Amestoy, Patrick R and Duff, Iain S and L'Excellent, Jean-Yves and Koster, Jacko},
  journal={SIAM Journal on Matrix Analysis and Applications},
  volume={23},
  number={1},
  pages={15--41},
  year={2001},
  publisher={SIAM}
}

@article{amestoy2006hybrid,
  title={Hybrid scheduling for the parallel solution of linear systems},
  author={Amestoy, Patrick R and Guermouche, Abdou and L’Excellent, Jean-Yves and Pralet, St{\'e}phane},
  journal={Parallel computing},
  volume={32},
  number={2},
  pages={136--156},
  year={2006},
  publisher={Elsevier}
}

@book{elman2005finite,
  title={Finite Elements and Fast Iterative Solvers: with Applications in Incompressible Fluid Dynamics: with Applications in Incompressible Fluid Dynamics},
  author={Elman, Howard C and Silvester, David J and Wathen, Andrew J},
  year={2005},
  publisher={Oxford University Press}
}


@article{murphy2000note,
  title={A note on preconditioning for indefinite linear systems},
  author={Murphy, Malcolm F and Golub, Gene H and Wathen, Andrew J},
  journal={SIAM Journal on Scientific Computing},
  volume={21},
  number={6},
  pages={1969--1972},
  year={2000},
  publisher={SIAM}
}

@article{elman2006block,
  title={Block preconditioners based on approximate commutators},
  author={Elman, Howard and Howle, Victoria E and Shadid, John and Shuttleworth, Robert and Tuminaro, Ray},
  journal={SIAM Journal on Scientific Computing},
  volume={27},
  number={5},
  pages={1651--1668},
  year={2006},
  publisher={SIAM}
}

@article{greif2007preconditioners,
  title={Preconditioners for the discretized time-harmonic Maxwell equations in mixed form},
  author={Greif, Chen and Sch{\"o}tzau, Dominik},
  journal={Numerical Linear Algebra with Applications},
  volume={14},
  number={4},
  pages={281--297},
  year={2007},
  publisher={Wiley Online Library}
}

@article{golub2003solving,
  title={On solving block-structured indefinite linear systems},
  author={Golub, Gene H and Greif, Chen},
  journal={SIAM Journal on Scientific Computing},
  volume={24},
  number={6},
  pages={2076--2092},
  year={2003},
  publisher={SIAM}
}

@article{paige1975solution,
  title={Solution of sparse indefinite systems of linear equations},
  author={Paige, Christopher C and Saunders, Michael A},
  journal={SIAM Journal on Numerical Analysis},
  volume={12},
  number={4},
  pages={617--629},
  year={1975},
  publisher={SIAM}
}

@article{silvester1993fast,
  title={Fast iterative solution of stabilised Stokes systems. Part I: Using simple diagonal preconditioners},
  author={Silvester, David and Wathen, Andrew},
  journal={SIAM Journal on Numerical Analysis},
  volume={30},
  number={3},
  pages={630--649},
  year={1993},
  publisher={SIAM}
}

@article{silvester1994fast,
  title={Fast iterative solution of stabilised Stokes systems part II: using general block preconditioners},
  author={Silvester, David and Wathen, Andrew},
  journal={SIAM Journal on Numerical Analysis},
  volume={31},
  number={5},
  pages={1352--1367},
  year={1994},
  publisher={SIAM}
}

@book{wells2012automated,
  title={Automated Solution of Differential Equations by the Finite Element Method: The FEniCS Book},
  author={Wells, Garth and Mardal, Kent-Andre and Logg, Anders},
  year={2012},
  publisher={Springer}
}

@article{saad1986gmres,
  title={GMRES: A generalized minimal residual algorithm for solving nonsymmetric linear systems},
  author={Saad, Youcef and Schultz, Martin H},
  journal={SIAM Journal on scientific and statistical computing},
  volume={7},
  number={3},
  pages={856--869},
  year={1986},
  publisher={SIAM}
}

@book{hestenes1952methods,
  title={Methods of conjugate gradients for solving linear systems},
  author={Hestenes, Magnus Rudolph and Stiefel, Eduard},
  volume={49},
  year={1952},
  publisher={NBS}
}

@article{taylor1973numerical,
  title={A numerical solution of the Navier-Stokes equations using the finite element technique},
  author={Taylor, C and Hood, P},
  journal={Computers \& Fluids},
  volume={1},
  number={1},
  pages={73--100},
  year={1973},
  publisher={Elsevier}
}


@incollection{falgout2002hypre,
  title={hypre: A library of high performance preconditioners},
  author={Falgout, Robert D and Yang, Ulrike Meier},
  booktitle={Computational Science—ICCS 2002},
  pages={632--641},
  year={2002},
  publisher={Springer}
}



@article{schotzau2004mixed,
  title={Mixed finite element methods for stationary incompressible magneto--hydrodynamics},
  author={Sch{\"o}tzau, Dominik},
  journal={Numerische Mathematik},
  volume={96},
  number={4},
  pages={771--800},
  year={2004},
  publisher={Springer}
}


@article{greif2006preconditioners,
  title={Preconditioners for saddle point linear systems with highly singular (1, 1) blocks},
  author={Greif, Chen and Sch{\"o}tzau, D},
  journal={ETNA, Special Volume on Saddle Point Problems},
  volume={22},
  pages={114--121},
  year={2006}
}

@article{li2010numerical,
  title={Numerical solution of the time-harmonic Maxwell equations and incompressible magnetohydrodynamics problems},
  author={Li, Dan},
  year={2010},
  publisher={University of British Columbia}
}


@article{hiptmair2007nodal,
  title={Nodal auxiliary space preconditioning in H (curl) and H (div) spaces},
  author={Hiptmair, Ralf and Xu, Jinchao},
  journal={SIAM Journal on Numerical Analysis},
  volume={45},
  number={6},
  pages={2483--2509},
  year={2007},
  publisher={SIAM}
}