@article{taylor1973numerical,
  title={A numerical solution of the Navier-Stokes equations using the finite element technique},
  author={Taylor, C and Hood, P},
  journal={Computers \& Fluids},
  volume={1},
  number={1},
  pages={73--100},
  year={1973},
  publisher={Elsevier}
}